@INPROCEEDINGS{giraldo12, 
author={D. Ramírez-Giraldo and S. Molina-Giraldo and A. M. Álvarez-Meza and G. Daza-Santacoloma and G. Castellanos-Domínguez}, 
booktitle={2012 XVII Symposium of Image, Signal Processing, and Artificial Vision (STSIVA)}, 
title={Kernel based hand gesture recognition using kinect sensor}, 
year={2012}, 
pages={158-161}, 
keywords={gesture recognition;human computer interaction;learning (artificial intelligence);Microsoft kinect;RGBD sensor;depth image;hand position tracking;human-computer interface system;kernel based hand gesture recognition;kinect sensor;machine learning;representation space;Cameras;Computer vision;Humans;Image recognition;Kernel;Machine learning;Trajectory;Depth sensor;human motion;kernel methods}, 
doi={10.1109/STSIVA.2012.6340575}, 
ISSN={2329-6232}, 
month={Sept},}

@INPROCEEDINGS{xu08, 
author={A. Xu and G. Dudek and J. Sattar}, 
booktitle={2008 IEEE International Conference on Robotics and Automation}, 
title={A natural gesture interface for operating robotic systems}, 
year={2008}, 
pages={3557-3563}, 
keywords={gesture recognition;iterative methods;mobile robots;motion control;underwater vehicles;discrete gesture;gesture-based interaction;iterative closest point algorithm;mobile robot;motion detection;natural gesture interface;natural interaction;on-site human operator;symbolic alphabet;underwater robot;visual target;Automatic control;Context;Humans;Mobile robots;Robot control;Robotics and automation;Speech;USA Councils;Vocabulary;Writing}, 
doi={10.1109/ROBOT.2008.4543755}, 
ISSN={1050-4729}, 
month={May},}

@article{raschka14,
  title={Kernel tricks and nonlinear dimensionality reduction via RBF kernel PCA},
  author={Raschka, Sebastian and Linear, PCA and Gaussian, RBF and LLE, Locally-Linear Embedding},
  url={http://sebastianraschka.com/Articles/2014_kernel_pca.html},
  year={2014}
}